@article{pereira1991multi,
  title={Multi-stage stochastic optimization applied to energy planning},
  author={Pereira, Mario VF and Pinto, Leontina MVG},
  journal={Mathematical programming},
  volume={52},
  number={1-3},
  pages={359--375},
  year={1991},
  publisher={Springer}
}

@article{laporte1993integer,
	title={The integer L-shaped method for stochastic integer programs with complete recourse},
	author={Laporte, Gilbert and Louveaux, Fran{\c{c}}ois V},
	journal={Operations research letters},
	volume={13},
	number={3},
	pages={133--142},
	year={1993},
	publisher={Elsevier}
}
@article{zou2016nested,
	title={Nested Decomposition of Multistage Stochastic Integer Programs with Binary State Variables},
	author={Zou, Jikai and Ahmed, Shabbir and Sun, Xu Andy},
	year={2016}
}